@online{project-joeyklee,
author = {Joey Lee},
title  = {Geosandbox},
date   = {2022-04-21},
url    = {https://joeyklee.github.io/geosandbox/}
}


@online{project-idre,
title  = {IDRE sandbox},
date   = {2022-04-21},
url    = {https://sandbox.idre.ucla.edu/sandbox/category/projects/}
}


@online{project-dea,
author = {Geoscience Australia},
title  = {Digital Earth Australia (DEA) sandbox},
date   = {2022-04-21},
url    = {https://www.dea.ga.gov.au/developers/sandbox}
}


@online{project-geopython,
title  = {Geopython workshop},
date   = {2022-04-21},
url    = {https://github.com/geopython/geopython-workshop/}
}

@online{qgis,
title  = {QGIS},
date   = {2022-04-21},
url    = {https://qgis.org/de/site/}
}

@online{postgis,
title  = {PostGIS},
date   = {2022-04-21},
url    = {https://postgis.net/}
}

@online{pgadmin,
title  = {pgAdmin},
date   = {2022-04-21},
url    = {https://www.pgadmin.org/}
}

@online{jupyterlab,
title  = {JupyterLab},
date   = {2022-04-21},
url    = {https://jupyterlab.readthedocs.io/en/stable/}
}

@online{geoserver,
title  = {GeoServer},
date   = {2022-04-21},
url    = {https://geoserver.org/}
}

@online{gdal,
title  = {GDAL},
date   = {2022-04-21},
url    = {https://gdal.org/}
}

@online{dockercompose,
title  = {Docker Compose},
date   = {2022-04-21},
url    = {https://docs.docker.com/compose/}
}

@online{dockerswarm,
title  = {Docker Swarm},
date   = {2022-04-21},
url    = {https://docs.docker.com/engine/swarm/}
}

@online{minikube,
title  = {Minikube},
date   = {2022-04-21},
url    = {https://minikube.sigs.k8s.io/docs/}
}


@online{postgis-container,
title  = {Official postgis/postgis image},
date   = {2022-04-21},
url    = {https://registry.hub.docker.com/r/postgis/postgis/}
}

@online{pgadmin-container,
title  = {Official dpage/pgadmin4 image},
date   = {2022-04-21},
url    = {https://hub.docker.com/r/dpage/pgadmin4/}
}

@online{geoserver-container,
title  = {Kartoza Geoserver Docker Image},
date   = {2022-04-21},
url    = {https://hub.docker.com/r/kartoza/geoserver/}
}

@online{geos,
title  = {GEOS},
date   = {2022-04-21},
url    = {https://libgeos.org/}
}

@online{dockerhub,
title  = {Docker Hub},
date   = {2022-04-21},
url    = {https://hub.docker.com/}
}

@online{osgeostacksandbox,
author = {Marc Folini},
title  = {OS Geostack Sandbox},
date   = {2022-04-21},
url    = {https://github.com/laiskasiili/os_geostack_sandbox/}
}

@online{githubactions,
title  = {Github Actions},
date   = {2022-04-23},
url    = {https://docs.github.com/en/actions/learn-github-actions/}
}

@online{gcr,
title  = {Github Container Registry (GCR)},
date   = {2022-04-23},
url    = {https://docs.github.com/en/packages/working-with-a-github-packages-registry/working-with-the-container-registry/}
}

@online{dockerdesktop,
title  = {Docker Desktop},
date   = {2022-04-23},
url    = {https://www.docker.com/products/docker-desktop/}
}

@online{sandboxcomposefile,
title  = {OS Geostack Docker Compose File},
date   = {2022-04-23},
url    = {https://raw.githubusercontent.com/laiskasiili/os_geostack_sandbox/main/docker-compose.yml/}
}
